@article{davidson2007survey,
	title={A survey of clustering with instance level},
	author={Davidson, Ian and Basu, Sugato},
	journal={Constraints},
	volume={1},
	pages={2},
	year={2007}
}

@article{de2017comparison,
	title={A comparison of two hybrid methods for constrained clustering problems},
	author={de Oliveira, Rudinei Martins and Chaves, Antonio Augusto and Lorena, Luiz Antonio Nogueira},
	journal={Applied Soft Computing},
	volume={54},
	pages={256--266},
	year={2017},
	publisher={Elsevier}
}

@article{gonccalves2011biased,
	title={Biased random-key genetic algorithms for combinatorial optimization},
	author={Gon{\c{c}}alves, Jos{\'e} Fernando and Resende, Mauricio GC},
	journal={Journal of Heuristics},
	volume={17},
	number={5},
	pages={487--525},
	year={2011},
	publisher={Springer}
}

@article{bean1994genetic,
	title={Genetic algorithms and random keys for sequencing and optimization},
	author={Bean, James C},
	journal={ORSA journal on computing},
	volume={6},
	number={2},
	pages={154--160},
	year={1994},
	publisher={INFORMS}
}

@article{xu2013improving,
	title={Improving constrained clustering via swarm intelligence},
	author={Xu, Xiaohua and Lu, Lin and He, Ping and Pan, Zhoujin and Chen, Ling},
	journal={Neurocomputing},
	volume={116},
	pages={317--325},
	year={2013},
	publisher={Elsevier}
}

@inproceedings{tanabe2013success,
	title={Success-history based parameter adaptation for differential evolution},
	author={Tanabe, Ryoji and Fukunaga, Alex},
	booktitle={Evolutionary Computation (CEC), 2013 IEEE Congress on},
	pages={71--78},
	year={2013},
	organization={IEEE}
}

@article{zhang2009jade,
	title={JADE: adaptive differential evolution with optional external archive},
	author={Zhang, Jingqiao and Sanderson, Arthur C},
	journal={IEEE Transactions on evolutionary computation},
	volume={13},
	number={5},
	pages={945--958},
	year={2009},
	publisher={IEEE}
}

@inproceedings{peng2009multi,
	title={Multi-start JADE with knowledge transfer for numerical optimization},
	author={Peng, Fei and Tang, Ke and Chen, Guoliang and Yao, Xin},
	booktitle={Evolutionary Computation, 2009. CEC'09. IEEE Congress on},
	pages={1889--1895},
	year={2009},
	organization={IEEE}
}
